@article{hammad_ötügen_arik_1999, title={A PIV study of the laminar axisymmetric sudden expansion flow}, volume={26}, DOI={10.1007/s003480050288}, number={3}, journal={Experiments in Fluids}, author={Hammad, K. J. and Ötügen, M. V. and Arik, E. B.}, year={1999}, pages={266–272}}


@book{white_chul_2016, place={New York}, title={Fluid Mechanics}, publisher={McGraw-Hill education}, author={White, Frank Mangrom. and Chul, Rhim Yoon.}, year={2016}}